@misc{compvsinher,
      title = "Stack Overflow: Composition vs Inheritance",
      month = "October",
      year = 2011,
      url = "http://stackoverflow.com/questions/49002/prefer-composition-over-inheritance"
}

@misc{wikiothello,
      title = "Wikipedia: Reversi",
      month = "October",
      year = 2011,
      url = "http://en.wikipedia.org/wiki/Reversi"
}




